@book{Moore2010,
  Author = {Jonathan Moore and Michael Churchward},
  Title = {Moodle 1.9 Extension Development},
  Publisher = {Packt Publishing},
  Year = {2010},
  ISBN = {1847194249},
  language = "english"
}

@techreport{Wise1993,
    author    = "Michael J Wise",
    title     = "Running Karp-Rabin Matching and Greedy String Tiling",
    institution = "The University of Sydney",    
    year      = "1993"
}

@article{Prechelt2002,
    author    = "L. Prechelt and G. Malpohl and M. Phlippsen",
    title     = "Finding Plagiarisms among a Set of Programs with JPlag",
    journal   = "Journal of Universal Computer Science",
    volume   = "8",
    number   = "11",
    pages    = "1016-1038",
    year      = "2002"    
}

@article{Burrows2007,
    author    = "S. Burrows and S.M.M. Tahaghoghi and J. Zobel",
    title     = "Efficient and effective plagiarism detection for large code repositories.",
    journal   = "Software-Practice & Experience",
    volume   = "37",
    number   = "2",
    pages    = "151-175",
    year      = "2007"    
}

@article{Karp1987,
    author    = "R.M. Karp and M.O. Rabin",
    title     = "Efficient randomized pattern-matching algorithms.",
    journal   = "IBM Journal of Research and Development - Mathematics and computing",
    volume   = "31",
    number   = "2",
    pages    = "249-260",
    year      = "1987"    
}

@article{Winnowing2003,
    author    = "S. Schleimer and  D. S. Wilkerson and A. Aiken",
    title     = "Winnowing: local algorithms for document fingerprinting",    
    year      = "2003"    
}

@techreport{Kleiman2009,
    author    = " A. B. Kleiman and T. Kowaltowski",
    title     = "Qualitative Analysis and Comparison of Plagiarism-Detection Systems in Student Programs",
    institution = "Instituto de Computacao",    
    year      = "2009"
}

@book{Parr2013,
  Author = {P. Terence},
  Title = {The Definitive ANTLR 4 Reference},
  Publisher = {Pragmatic Bookshelf},
  Year = {2013},
  ISBN = {1934356999}
}

@book{Fowler2003,
  Author = {Мартин Фаулер},
  Title = {UML. Основы. Краткое руководство по стандартному языку объектного моделирования},
  Publisher = {Символ-Плюс},
  Year = {2011},
  ISBN = {0-321-19368-7},
  language = "russian"
}

@incollection{Plagiat2002,
  author  = "А. М. Прохоров",
  title = "ПЛАГИАТ",
  booktitle= "Большой энциклопедический словарь",
  publisher= "Большая Российская энциклопедия", 
  year  = "2002",  
  isbn = "5-7711-0004-8"
}

@techreport{idef01993,
    author    = "{National Institute of Standards Technology}",
    title     = "INTEGRATION DEFINITION FOR FUNCTION MODELING (IDEF0)",
    type     = "Software Standard, Modeling Techniques.",         
    year      = "1993",
    month    = "12",
    language = "english"  
}

@article{web:java,
  author = "Oracle Corporation",
  title = "Официальный сайт платформы Java",
  publisher = "Oracle Corporation",
  address = "М.",
  year = 2015,
  url = "--- Режим доступа: \url{https://www.java.com/en/}, свободный.",
  language = "english"}

@article{web:mongodb,
  author = "10gen",
  title = "Официальный сайт СУБД MongoDB",
  publisher = "MongoDB Inc.",
  address = "М.",
  year = 2015,
  url = "--- Режим доступа: \url{https://www.mongodb.org}, свободный.",
  language = "english"}

@article{web:mongodb_manual,
  author = "10gen",
  title = "Документация по настройке СУБД MongoDB",
  publisher = "MongoDB Inc.",
  address = "М.",
  year = 2015,
  url = "--- Режим доступа: \url{http://docs.mongodb.org/manual/}, свободный.",
  language = "english"}

@article{web:spring_mongodb_connect,
  author = "SpringSource",
  title = "Документация по настройке соединения с СУБД MongoDB",
  publisher = "SpringSource",
  address = "М.",
  year = 2015,
  url = "--- Режим доступа: \url{http://docs.spring.io/spring-boot/docs/current/reference/html/boot-features-nosql.html#boot-features-mongodb}, свободный.",
  language = "english"}